Time,Code,Name,Price,Volume,Trade_Amt(100M),Rate(%),PG_Amt(100M)
09:00:18,032820,우리기술,25250,748695,189,3.272,0
09:00:18,003280,흥아해운,2545,2976508,75,8.9936,0
09:00:18,008350,남선알미늄,1656,2620830,43,9.9602,0
09:00:18,475150,SK이터닉스,41650,71895,29,5.845,0
09:00:18,087010,펩트론,319500,8156,26,7.2148,0
09:00:18,052690,한전기술,183700,7252,13,3.3765,0
09:00:18,039980,폴라리스AI,2110,587482,12,3.1785,0
09:00:18,458870,씨어스테크놀로지,166000,4371,7,3.3624,0
09:00:18,082920,비츠로셀,27650,18985,5,5.9387,0
09:30:11,032820,우리기술,25800,12490135,3222,5.5215,-463
09:30:11,006910,보성파워텍,12620,10752592,1356,8.6059,6
09:30:11,008350,남선알미늄,1695,36043995,610,12.5498,-6
09:30:11,010170,대한광통신,7760,6253310,485,4.8649,0
09:30:11,087010,펩트론,323000,126742,409,8.3893,0
09:30:11,321370,센서뷰,4200,9524821,400,14.7541,0
09:30:11,005860,한일사료,4805,6503011,312,12.1354,0
09:30:11,025860,남해화학,9420,1949158,183,5.2514,0
09:30:11,001040,CJ,198300,87648,173,12.415,0
10:00:05,032820,우리기술,25950,16887346,4382,6.135,-396
10:00:05,006910,보성파워텍,12970,27124504,3518,11.6179,-54
10:00:05,003280,흥아해운,2905,106650859,3098,24.4111,-6
10:00:05,047810,한국항공우주,195100,591723,1154,6.7871,4
10:00:05,008350,남선알미늄,1776,60980055,1083,17.9283,-4
10:00:05,097230,HJ중공업,28200,3265392,920,4.8327,55
10:00:05,321370,센서뷰,4405,17102304,753,20.3552,18
10:00:05,087010,펩트론,327000,186151,608,9.7315,112
10:00:05,006260,LS,282000,193576,545,12.8,-182
10:00:05,005860,한일사료,4600,9697977,446,7.3512,0
10:00:05,174900,앱클론,94000,410113,385,5.4994,0
10:00:05,001040,CJ,197700,153032,302,12.0748,0
10:00:05,095340,ISC,207500,131499,272,11.9202,0
10:00:05,047050,포스코인터내셔널,76700,336397,258,4.0706,0
10:30:06,006910,보성파워텍,12440,31737750,3948,7.0568,-32
10:30:06,047810,한국항공우주,194000,718359,1393,6.185,39
10:30:06,008350,남선알미늄,1751,80153230,1403,16.2683,-15
10:30:06,321370,센서뷰,4545,26883136,1221,24.1803,17
10:30:06,087010,펩트론,319000,210632,671,7.047,121
10:30:06,027360,아주IB투자,6700,10650365,713,12.7946,-2
10:30:06,005860,한일사료,4650,11145959,518,8.5181,6
10:30:06,174900,앱클론,91900,505062,464,3.1425,0
10:30:06,001040,CJ,194100,204183,396,10.034,0
11:00:05,032820,우리기술,25300,24865660,6291,3.4765,-720
11:00:05,006910,보성파워텍,12420,34271939,4256,6.8847,-59
11:00:05,008350,남선알미늄,1815,103032464,1870,20.5179,-20
11:00:05,047810,한국항공우주,194600,798226,1553,6.5134,55
11:00:05,321370,센서뷰,4595,29396956,1350,25.5464,30
11:00:05,027360,아주IB투자,6490,16086115,1043,9.2593,8
11:00:05,005860,한일사료,4690,18045553,846,9.4516,-13
11:00:05,087010,펩트론,318500,231236,736,6.8792,119
11:00:05,006260,LS,273000,246943,674,9.2,-212
11:00:05,174900,앱클론,92900,548702,509,4.2649,-54
11:00:05,001040,CJ,195100,218873,427,10.6009,0
11:30:10,006910,보성파워텍,12160,35752955,4347,4.6472,-69
11:30:10,008350,남선알미늄,1743,111911043,1950,15.7371,-14
11:30:10,047810,한국항공우주,190800,863359,1647,4.4335,49
11:30:10,321370,센서뷰,4485,31107261,1395,22.541,36
11:30:10,027360,아주IB투자,6330,17201420,1088,6.5657,17
11:30:10,005860,한일사료,4705,19373061,911,9.8016,-15
11:30:10,261220,KODEX WTI원유선물(H),23530,2580128,607,3.4968,0
11:30:10,174900,앱클론,91900,605524,556,3.1425,-66
12:00:08,006910,보성파워텍,12360,36865469,4556,6.3683,-96
12:00:08,003280,흥아해운,2945,160188264,4717,26.1242,62
12:00:08,008350,남선알미늄,1721,116804994,2010,14.2762,-23
12:00:08,047810,한국항공우주,190100,916966,1743,4.0504,41
12:00:08,321370,센서뷰,4460,31848517,1420,21.8579,34
12:00:08,027360,아주IB투자,6430,17723932,1139,8.2492,16
12:00:08,005860,한일사료,4595,20148962,925,7.2345,-16
12:00:08,087010,펩트론,319000,265951,848,7.047,95
12:00:08,261220,KODEX WTI원유선물(H),23485,3142042,737,3.2989,0
12:30:09,003280,흥아해운,2930,167120870,4896,25.4818,68
12:30:09,006910,보성파워텍,12230,37628790,4602,5.2496,-107
12:30:09,008350,남선알미늄,1699,120968531,2055,12.8154,-24
12:30:09,047810,한국항공우주,191500,950037,1819,4.8166,38
12:30:09,321370,센서뷰,4275,33831835,1446,16.8033,42
12:30:09,027360,아주IB투자,6350,18726163,1189,6.9024,11
12:30:09,005860,한일사료,4545,20717339,941,6.0677,-15
12:30:09,087010,펩트론,325000,278797,906,9.0604,101
12:30:09,261220,KODEX WTI원유선물(H),23470,3406828,799,3.2329,0
13:00:17,003280,흥아해운,2890,174528833,5043,23.7687,81
13:00:17,006910,보성파워텍,12230,38120795,4662,5.2496,-114
13:00:17,008350,남선알미늄,1678,124464251,2088,11.421,-17
13:00:17,047810,한국항공우주,192600,992335,1911,5.4187,46
13:00:17,321370,센서뷰,4390,35036996,1538,19.9454,42
13:00:17,027360,아주IB투자,6240,19324472,1205,5.0505,11
13:00:17,005860,한일사료,4535,21401569,970,5.8343,-8
13:00:17,087010,펩트론,321500,286876,922,7.8859,95
13:00:17,261220,KODEX WTI원유선물(H),23535,3645827,858,3.5188,0
13:30:06,003280,흥아해운,2915,178376140,5199,24.8394,63
13:30:06,006910,보성파워텍,12110,38696711,4686,4.2169,-121
13:30:06,008350,남선알미늄,1696,127067657,2155,12.6162,-23
13:30:06,047810,한국항공우주,191900,1027115,1971,5.0356,47
13:30:06,321370,센서뷰,4360,35748554,1558,19.1257,40
13:30:06,027360,아주IB투자,6200,19834605,1229,4.3771,9
13:30:06,005860,한일사료,4550,21669748,985,6.1844,-7
13:30:06,087010,펩트론,316500,296358,937,6.2081,97
13:30:06,261220,KODEX WTI원유선물(H),23580,3797226,895,3.7167,0
13:30:06,174900,앱클론,91800,723308,663,3.0303,-101
13:30:06,095340,ISC,214000,316323,676,15.4261,-3
13:30:06,085620,미래에셋생명,16660,3953649,658,26.2121,-30
14:00:11,006910,보성파워텍,12050,39710235,4785,3.7005,-113
14:00:11,008350,남선알미늄,1692,128678678,2177,12.3506,-24
14:00:11,047810,한국항공우주,191200,1062099,2030,4.6524,47
14:00:11,321370,센서뷰,4485,37548972,1684,22.541,26
14:00:11,027360,아주IB투자,6170,20127153,1241,3.8721,9
14:00:11,005860,한일사료,4570,22003920,1005,6.6511,-6
14:00:11,261220,KODEX WTI원유선물(H),23615,3966621,936,3.8707,0
14:00:11,095340,ISC,218500,437307,955,17.8533,0
14:30:06,003280,흥아해운,2970,200423394,5952,27.1949,11
14:30:06,006910,보성파워텍,12170,40090272,4878,4.7332,-96
14:30:06,008350,남선알미늄,1749,133910489,2342,16.1355,-23
14:30:06,047810,한국항공우주,192200,1095430,2105,5.1998,43
14:30:06,321370,센서뷰,4540,39284942,1783,24.0437,25
14:30:06,027360,아주IB투자,6220,20368045,1266,4.7138,8
14:30:06,005860,한일사료,4560,22273880,1015,6.4177,-5
14:30:06,095340,ISC,219500,482286,1058,18.3927,1
14:30:06,261220,KODEX WTI원유선물(H),23630,4111709,971,3.9367,0
15:00:12,006910,보성파워텍,12070,40645198,4905,3.8726,-83
15:00:12,008350,남선알미늄,1710,137364769,2348,13.5458,-24
15:00:12,047810,한국항공우주,191600,1136981,2178,4.8714,33
15:00:12,321370,센서뷰,4545,41110539,1868,24.1803,22
15:00:12,027360,아주IB투자,6320,20719714,1309,6.3973,8
15:00:12,095340,ISC,217000,522741,1134,17.0442,26
15:00:12,005860,한일사료,4550,22568518,1026,6.1844,-4
